@inproceedings{yarowsky-1994-decision,
    title = "DECISION LISTS FOR LEXICAL AMBIGUITY RESOLUTION: Application to Accent Restoration in {S}panish and {F}rench",
    author = "Yarowsky, David",
    booktitle = "32nd Annual Meeting of the Association for Computational Linguistics",
    month = jun,
    year = "1994",
    address = "Las Cruces, New Mexico, USA",
    publisher = "Association for Computational Linguistics",
    url = "https://aclanthology.org/P94-1013",
    doi = "10.3115/981732.981745",
    pages = "88--95",
}